@inproceedings{zaharia2012resilient,
  title={Resilient distributed datasets: A fault-tolerant abstraction for in-memory cluster computing},
  author={Zaharia, Matei and Chowdhury, Mosharaf and Das, Tathagata and Dave, Ankur and Ma, Justin and McCauley, Murphy and Franklin, Michael J and Shenker, Scott and Stoica, Ion},
  booktitle={Proceedings of the 9th USENIX conference on Networked Systems Design and Implementation},
  pages={2--2},
  year={2012},
  organization={USENIX Association}
}

@inproceedings{verma2015large,
  title={Large-scale cluster management at Google with Borg},
  author={Verma, Abhishek and Pedrosa, Luis and Korupolu, Madhukar and Oppenheimer, David and Tune, Eric and Wilkes, John},
  booktitle={Proceedings of the Tenth European Conference on Computer Systems},
  pages={18},
  year={2015},
  organization={ACM}
}

@inproceedings{qma23,
  title={Rethinking Sensors Modeling:Hierarchical Information Enhanced Traffic Forecasting},
  author={Ma,Qian and Zhang,Zijian and Zhao,Xiangyu and Li,Haoliang and  Zhao,Hongwei and Wang,Yiqi and Liu,Zitao and Wang,Wanyu},
  booktitle={Proceedings of the 32nd ACM International Conference on Information \& Knowledge Management},
  url = {https://doi.org/10.1145/3583780.3614910},
  doi = {10.1145/3583780.3614910},
  publisher       = {ACM},
  address = {Birmingham.,United Kingdom},
  year={2023}
}
